%% This BibTeX bibliography file gives an example of the formatting of references.

@article{Soo2011,
	Author = {Soo, P.K},
	Title = {A study of storytelling strategy of My Neighbour Totoro},
	Year = {2011},
	Volume = {12},
	Issue = {4},
	Pages = {951-979},
	Journal = {The Journal of Literature and Film},
	}
	
@article{Greenberg2012,
Author = {Greenberg, R.},
Title = {Giri and Ninjo: The Roots of Hayao Miyazaki's My Neighbor Totoro in
   Animated Adaptations of Children's Literature},
Journal = {Literature-Film Quarterly},
Year = {2012},
Volume = {40},
Number = {2},
Pages = {96-108},

}

@article{Suctani2011,
Author = {Suctani, S. and Cape, G.},
Title = {It was a dream, but it wasn't a dream - portraying PTSD-DS through ``My
   Neighbour Totoro{''}},
Journal = {Australian and New Zealand Journal OF Psychiatry},
Year = {2011},
Volume = {45},
Number = {1},
Pages = {A54-A55},
}